<?xml version="1.0" encoding="UTF-8"?><collection xmlns="http://www.loc.gov/MARC21/slim"><record><leader>00417nam--2200157-i-4500</leader><controlfield tag="001">000006889</controlfield><controlfield tag="002">20161230</controlfield><controlfield tag="005">20170110232947</controlfield><controlfield tag="008">060222s1000------------r-----000-0-eng-d</controlfield><datafield ind1=" " ind2=" " tag="080"><subfield code="a">001(09):930.85</subfield></datafield><datafield ind1=" " ind2=" " tag="100"><subfield code="a">Bernal, J. D</subfield></datafield><datafield ind1=" " ind2=" " tag="245"><subfield code="a">Stiinta in istoria societatii. Traducere din l imba engleza</subfield></datafield><datafield ind1=" " ind2=" " tag="260"><subfield code="a">Bucuresti</subfield><subfield code="b">Editura Politica</subfield><subfield code="c">1964</subfield></datafield><datafield ind1=" " ind2=" " tag="300"><subfield code="a">1000 p</subfield></datafield><datafield ind1=" " ind2=" " tag="852"><subfield code="a">9773</subfield></datafield><datafield ind1=" " ind2=" " tag="CAT"><subfield code="a">SYS</subfield><subfield code="c">20170110</subfield><subfield code="h">232947</subfield></datafield></record></collection>